
@article{hera-excess-h1,
      title          = "{Observation of events at very high $Q^{2}$ in $e p$
                        collisions at HERA}",
      collaboration  = "H1",
      journal        = "Z. Phys. C",
      volume         = "74",
      pages          = "191-206",
      year           = "1997",
      eprint         = "hep-ex/9702012",
      archivePrefix  = "arXiv",
      primaryClass   = "hep-ex",
      reportNumber   = "DESY-97-024, DESY-97-24, DAPNIA-SPP-97-18",
      SLACcitation   = "%%CITATION = HEP-EX/9702012;%%",
}

@article{hera-excess-zeus,
      title          = "{Comparison of ZEUS data with standard model predictions
                        for $e^{+} p \to e^{+} X$ scattering at high x and
                        $Q^{2}$}",
      collaboration  = "ZEUS",
      journal        = "Z. Phys. C",
      volume         = "74",
      pages          = "207-220",
      year           = "1997",
      eprint         = "hep-ex/9702015",
      archivePrefix  = "arXiv",
      primaryClass   = "hep-ex",
      reportNumber   = "DESY-97-025, DESY-97-25, ANL-HEP-PR-98-57",
      SLACcitation   = "%%CITATION = HEP-EX/9702015;%%",
}

@article{tevatron-refutation,
      title          = "{Combined limits on first generation leptoquarks from the
                        CDF and D0 experiments}",
      collaboration  = "CDF and D0",
      year           = "1998",
      eprint         = "hep-ex/9810015",
      archivePrefix  = "arXiv",
      primaryClass   = "hep-ex",
      SLACcitation   = "%%CITATION = HEP-EX/9810015;%%",
}

%---------------------------------------------------------------------------
% Intro: standard model textbooks
%---------------------------------------------------------------------------

@book{griffiths,
  title={Introduction to Elementary Particles},
  author={Griffiths, D.},
  publisher={John Wiley \& Sons},
  year={1987}
}

@book{burgess,
  title={The Standard Model: A Primer},
  author={Burgess, C. and Moore, G.},
  publisher={Cambridge University Press},
  year={2012}
}

@book{peskin,
  author={Peskin, M. and Schroeder, D.},
  publisher={Westview Press},
  title={An Introduction To Quantum Field Theory (Frontiers in Physics)},
  year={1995}
}

@book{standard-model-massive-neutrinos,
  title={Neutrino Mass},
  author={Altarelli, G. and Winter, K.},
  publisher={Springer},
  year={2003}
}

%---------------------------------------------------------------------------
% Standard model particle interactions schematic
%---------------------------------------------------------------------------

@unpublished{salam:2010,
      author         = "Salam, G.",
      title          = "{Hunting for Terascale physics at the LHC}",
      year           = "2010",
      month          = "Dec.",
      note           = "Physics Colloquium, Princeton"
}

%---------------------------------------------------------------------------
% Intro: Glashow-Weinberg-Salam theory (papers)
%---------------------------------------------------------------------------

@Article{glashow,
     author    = "Glashow, S. L.",
     title     = "{Partial Symmetries of Weak Interactions}",
     journal   = "Nucl. Phys.",
     volume    = "22",
     year      = "1961",
     pages     = "579-588",
     doi       = "10.1016/0029-5582(61)90469-2",
}

@article{weinberg,
      author         = "Weinberg, S.",
      title          = "{A Model of Leptons}",
      journal        = "Phys. Rev. Lett.",
      volume         = "19",
      pages          = "1264-1266",
      doi            = "10.1103/PhysRevLett.19.1264",
      year           = "1967",
}

@article{salam:1968,
      author         = "Salam, A.",
      title          = "Weak and Electromagnetic Interactions",
      journal        = "Conference Proceedings",
      volume         = "C680519",
      pages          = "367-377",
      year           = "1968",
      SLACcitation   = "%%CITATION = CONFP,C680519,367;%%",
      note           = {Originally printed in "Svartholm: Elementary Particle
                       Theory, Proceedings Of The Nobel Symposium Held 1968 At
                       Lerum, Sweden," Stockholm 1968, 367-377},
}

%---------------------------------------------------------------------------
% Intro: Higgs papers
%---------------------------------------------------------------------------

@Article{higgs,
     author    = "Higgs, P. W.",
     title     = "{Broken symmetries, massless particles and gauge fields}",
     journal   = "Phys. Lett.",
     volume    = "12",
     year      = "1964",
     pages     = "132-133",
     doi       = "10.1016/0031-9163(64)91136-9",
     SLACcitation  = "%%CITATION = PHLTA,12,132;%%"
}

@Article{englert,
     author    = "Englert, F. and Brout, R.",
     title     = "{Broken Symmetry and the Mass of Gauge Vector Mesons}",
     journal   = "Phys. Rev. Lett.",
     volume    = "13",
     year      = "1964",
     pages     = "321-322",
     doi       = "10.1103/PhysRevLett.13.321",
     SLACcitation  = "%%CITATION = PRLTA,13,321;%%"
}

@Article{guralnik,
     author    = "Guralnik, G. S. and Hagen, C. R. and Kibble, T. W. B.",
     title     = "{Global Conservation Laws and Massless Particles}",
     journal   = "Phys. Rev. Lett.",
     volume    = "13",
     year      = "1964",
     pages     = "585-587",
     doi       = "10.1103/PhysRevLett.13.585",
     SLACcitation  = "%%CITATION = PRLTA,13,585;%%"
}

%---------------------------------------------------------------------------
% Intro: Pati-Salam SU(4) theories that include LQs
%---------------------------------------------------------------------------

@article{pati-salam-su4-1,
      author         = "Pati, J. C. and Salam, A.",
      title          = "{Unified Lepton-Hadron Symmetry and a Gauge Theory of the
                        Basic Interactions}",
      journal        = "Phys. Rev. D",
      volume         = "8",
      pages          = "1240-1251",
      doi            = "10.1103/PhysRevD.8.1240",
      year           = "1973",
      reportNumber   = "IC-73-41-INT-REP",
      SLACcitation   = "%%CITATION = PHRVA,D8,1240;%%",
}

@ARTICLE{pati-salam-su4-2,
     AUTHOR       = "Pati, J. C. and Salam, A.",
     TITLE        = "Lepton Number as the Fourth Color",
     JOURNAL      = "Phys. Rev. D",
     VOLUME       = "10",
     PAGES        = "275",
     doi          = "10.1103/PhysRevD.10.275",
     YEAR         = "1974"
}

%---------------------------------------------------------------------------
% Intro: SU(5) theories that include LQs
%---------------------------------------------------------------------------

% SU(5) grand unification

@ARTICLE{su5-1,
     AUTHOR       = "Georgi, H. and Glashow, S.",
     TITLE        = "Unity of All Elementary-Particle Forces",
     JOURNAL      = "Phys. Rev. Lett.",
     VOLUME       = "32",
     PAGES        = "438",
     doi          = "10.1103/PhysRevLett.32.438",
     YEAR         = "1974"
}

@article{su5-2,
      author         = "Murayama, H. and Yanagida, T.",
      title          = "{A viable SU(5) GUT with light leptoquark bosons}",
      journal        = "Mod. Phys. Lett. A",
      volume         = "7",
      pages          = "147-152",
      doi            = "10.1142/S0217732392000070",
      year           = "1992",
      reportNumber   = "TU-370",
      SLACcitation   = "%%CITATION = MPLAE,A7,147;%%",
}

%---------------------------------------------------------------------------
% Intro: SU(10) theories that include LQs
%---------------------------------------------------------------------------

@article{su10-1,
	author = "Fritzsch, H. and Minkowski, P.",
	title = "Unified interactions of leptons and hadrons ",
	journal = "Annals of Physics ",
	volume = "93",
	number = "1â€“2",
	pages = "193 - 266",
	year = "1975",
	doi = "10.1016/0003-4916(75)90211-0",
}


@article{su10-2,
	year={1983},
	issn={0170-9739},
	journal={Z. Phys. C},
	volume={20},
	number={3},
	doi={10.1007/BF01574858},
	title={Light lepto-quarks in SO(10)},
	publisher={Springer-Verlag},
	author={Senjanovi{\'c}, G. and Sokorac, A.},
	pages={255-257},
	language={English}
}


%---------------------------------------------------------------------------
% Intro: SU(15) theories that include LQs
%---------------------------------------------------------------------------

@ARTICLE{su15-1,
   author = {{Frampton}, P.~H. and {Lee}, B.-H.},
    title = "{SU(15) grand unification}",
  journal = {Phys. Rev. Lett.},
 keywords = {BARYONS, ELEMENTARY PARTICLE INTERACTIONS, GRAND UNIFIED THEORY, LEPTONS, GAUGE THEORY, PARTICLE MASS},
     year = 1990,
    month = feb,
   volume = 64,
    pages = {619-621},
      doi = {10.1103/PhysRevLett.64.619},
   adsurl = {http://adsabs.harvard.edu/abs/1990PhRvL..64..619F},
  adsnote = {Provided by the SAO/NASA Astrophysics Data System}
}

@ARTICLE{su15-2,
   author = {{Frampton}, P.~H. and {Kephart}, T.~W.},
    title = "{Higgs sector and proton decay in SU(15) grand unification}",
  journal = "Phys. Rev. D",
     year = 1990,
    month = dec,
   volume = 42,
    pages = {3892-3894},
      doi = {10.1103/PhysRevD.42.3892},
   adsurl = {http://adsabs.harvard.edu/abs/1990PhRvD..42.3892F},
  adsnote = {Provided by the SAO/NASA Astrophysics Data System}
}

%---------------------------------------------------------------------------
% Intro: Composite theories that include LQs
%---------------------------------------------------------------------------

@ARTICLE{composite-1,
      author         = "Schrempp, B. and Schrempp, F.",
      title          = "Light Leptoquarks",
      journal        = "Phys. Lett. B",
      volume         = "153",
      pages          = "101",
      doi            = "10.1016/0370-2693(85)91450-9",
      year           = "1985",
      reportNumber   = "DESY 84/117",
}

@ARTICLE{composite-2,
   author = {{Wudka}, J.},
    title = "{Composite leptoquarks}",
  journal = {Phys. Lett. B},
     year = 1986,
    month = feb,
   volume = 167,
    pages = {337-342},
      doi = {10.1016/0370-2693(86)90356-4},
   adsurl = {http://adsabs.harvard.edu/abs/1986PhLB..167..337W},
  adsnote = {Provided by the SAO/NASA Astrophysics Data System}
}

%---------------------------------------------------------------------------
% Intro: Technicolor models that include LQs
%---------------------------------------------------------------------------

@ARTICLE{technicolor1,
     AUTHOR       = "Dimopoulos, S. and Susskind, L.",
     TITLE        = "Mass Without Scalars",
     JOURNAL      = "Nucl. Phys. B",
     VOLUME       = "155",
     PAGES        = "237",
     doi          = "10.1016/0550-3213(81)90304-7",
     YEAR         = "1979"
}

@ARTICLE{technicolor2,
     AUTHOR       = "Dimopoulos, S.",
     TITLE        = "Technicolored Signatures",
     JOURNAL      = "Nucl. Phys. B",
     VOLUME       = "168",
     PAGES         = "69",
     doi          = "10.1016/0550-3213(80)90277-1",
     YEAR         = "1980"
}

@ARTICLE{technicolor3,
     AUTHOR       = "Eichten, E. and Lane, K.",
     TITLE        = "Dynamical Breaking of the Weak Interaction Symmetries",
     JOURNAL      = "Phys. Lett. B",
     VOLUME       = "90",
     PAGES        = "85",
     doi          = "10.1016/0370-2693(80)90065-9",
     YEAR         = "1980"
}

%---------------------------------------------------------------------------
% Intro: Superstring E_6 model that includes LQs
%---------------------------------------------------------------------------

@article{superstring_e6,
title = "Low-energy phenomenology of superstring-inspired \{E6\} models ",
journal = "Phys. Rep.",
volume = "183",
number = "5â€“6",
pages = "193 - 381",
year = "1989",
note = "",
issn = "0370-1573",
doi = "10.1016/0370-1573(89)90071-9",
author = "J. L. Hewett and T. G. Rizzo"
}

%---------------------------------------------------------------------------
% Intro: Horizontal symmetry model that includes LQs
%---------------------------------------------------------------------------

@ARTICLE{horizontal,
   author = {{Pakvasa}, S.},
    title = "{Signatures for Horizontal Symmetries and Some Other Exotica at Hadron Colliders}",
  journal = {Int. J. Mod. Phys. A},
     year = 1987,
   volume = 2,
    pages = {1317-1325},
      doi = {10.1142/S0217751X87000685},
   adsurl = {http://adsabs.harvard.edu/abs/1987IJMPA...2.1317P},
  adsnote = {Provided by the SAO/NASA Astrophysics Data System}
}

%---------------------------------------------------------------------------
% Intro: Strongly coupled weak interaction model that includes LQs
%---------------------------------------------------------------------------

@ARTICLE{strongweak,
   author = {{Abbott}, L.~F. and {Farhi}, E.},
    title = "{Are the weak interactions strong?}",
  journal = {Phys. Lett. B},
     year = 1981,
    month = apr,
   volume = 101,
    pages = {69-72},
      doi = {10.1016/0370-2693(81)90492-5},
   adsurl = {http://adsabs.harvard.edu/abs/1981PhLB..101...69A},
  adsnote = {Provided by the SAO/NASA Astrophysics Data System}
}

%---------------------------------------------------------------------------
% Intro: RPV SUSY models that include LQs
%---------------------------------------------------------------------------

@article{rpv1,
      author         = "Choudhury, D. and Raychaudhuri, S.",
      title          = "{R-parity violation at HERA?}",
      journal        = "Phys. Lett. B",
      volume         = "401",
      pages          = "54-61",
      doi            = "10.1016/S0370-2693(97)00391-2",
      year           = "1997",
      reportNumber   = "CERN-TH-97-026, CERN-TH-97-26",
      SLACcitation   = "%%CITATION = HEP-PH/9702392;%%",
}

@article{rpv2,
      author         = "Dreiner, H. K.",
      title          = "{An Introduction to explicit R-parity violation}",
      year           = "1997",
      eprint         = "hep-ph/9707435",
      archivePrefix  = "arXiv",
      primaryClass   = "hep-ph",
      SLACcitation   = "%%CITATION = HEP-PH/9707435;%%",
}


@article{rpv3,
	year={2013},
	journal={JHEP},
	volume={2013},
	number={4},
	doi={10.1007/JHEP04(2013)028},
	title={LHC coverage of RPV MSSM with light stops},
	publisher={Springer-Verlag},
	keywords={Supersymmetry Phenomenology; Hadronic Colliders},
	author={Evans, J. A. and Kats, Y.},
	pages={1-40},
	language={English}
}

%---------------------------------------------------------------------------
% Intro: BRW + mBRW papers
%---------------------------------------------------------------------------

% Dinko 24
@ARTICLE{mBRW1, 
   author = {{Buchm{\"u}ller}, W. and {R{\"u}ckl}, R. and {Wyler}, D.},
    title = "{Leptoquarks in lepton-quark collisions}",
  journal = {Phys. Lett. B},
     year = 1987,
    month = jun,
   volume = 191,
    pages = {442-448},
      doi = {10.1016/0370-2693(87)90637-X},
   adsurl = {http://adsabs.harvard.edu/abs/1987PhLB..191..442B},
  adsnote = {Provided by the SAO/NASA Astrophysics Data System}
}

% Dinko 25
@ARTICLE{mBRW-aachen,
   author = {{Djouadi}, A. and {K{\"o}hler}, T. and {Spira}, M. and {Tutas}, J.
	},
    title = "{( eb), ( et) type leptoquarks at ep colliders}",
  journal = {Z. Phys. C},
     year = 1990,
    month = dec,
   volume = 46,
    pages = {679-685},
      doi = {10.1007/BF01560270},
   adsurl = {http://adsabs.harvard.edu/abs/1990ZPhyC..46..679D},
  adsnote = {Provided by the SAO/NASA Astrophysics Data System}
}

% Dinko 28
@article{mBRW2,
title = "Search for particles and forces beyond the standard model in high energy lepton-hadron and hadron-hadron collisions ",
journal = "Progress in Particle and Nuclear Physics ",
volume = "50",
number = "1",
pages = "1 - 62",
year = "2003",
note = "",
issn = "0146-6410",
doi = "10.1016/S0146-6410(02)00176-X",
author = "M. Kuze and Y. Sirois"
}



%---------------------------------------------------------------------------
% Citation for leptoquark classification table
%---------------------------------------------------------------------------

@article{lq-classification,
title = {Production of scalar and vector leptoquarks in e+eâˆ’ annihilation},
journal = {Phys. Lett. B},
volume = {304},
number = {3â€“4},
pages = {337-346},
year = {1993},
issn = {0370-2693},
doi = {10.1016/0370-2693(93)90306-3},
author = {J. Bl{\"u}mlein and R. R{\"u}ckl}
}

%---------------------------------------------------------------------------
% Vector LQs quartic and trilinear couplings to SM gauge bosons
%---------------------------------------------------------------------------

@article{lq-vector-to-gauge-bosons-quartic-trilinear-1,
  title={Vector leptoquark production at hadron colliders},
  author={Hewett, J. and Rizzo, T. and Pakvasa, S. and Haber, H. and Pomarol, A.},
  eprint         = "hep-ph/9310361",
  archivePrefix  = "arXiv",
  eprint         = "hep-ph/9702392",
  primaryClass   = "hep-ph",
  year={1993}
}

@article{lq-vector-to-gauge-bosons-quartic-trilinear-2,
  title = {Scalar and vector leptoquark pair production at hadron colliders: Signal and backgrounds},
  author = {Dion, B. and Marleau, L. and Simon, G.},
  journal = {Phys. Rev. D},
  volume = {59},
  issue = {1},
  pages = {015001},
  numpages = {10},
  year = {1998},
  month = {Nov},
  doi = {10.1103/PhysRevD.59.015001},
  publisher = {American Physical Society}
}

%---------------------------------------------------------------------------
% Vector LQs coupling to Z/gamma 
%---------------------------------------------------------------------------

% Dinko 30
@article{lq-vector-to-zgamma,
title = "Vector leptoquark pair production in e+eâˆ’ annihilation ",
journal = "Phys. Lett. B ",
volume = "392",
number = "1â€“2",
pages = "150 - 154",
year = "1997",
note = "",
issn = "0370-2693",
doi = "10.1016/S0370-2693(96)01531-6",
author = "J. Bl{\"u}mlein and E. Boos and A. Kryukov"
}

%---------------------------------------------------------------------------
% Vector LQs coupling to gluons
%---------------------------------------------------------------------------

% Dinko 31
@article {lq-vector-to-gluons,
author="J. Bl{\"u}mlein and E. Boos and A. Kryukov",
title="Leptoquark Pair Production in Hadronic Interactions",
year="1996",
eprint="hep-ph/9610408",
archivePrefix  = "arXiv",
primaryClass   = "hep-ph",
doi="10.1007/s002880050538"
}

%---------------------------------------------------------------------------
% Scalar LQs in hadron colliders
%---------------------------------------------------------------------------

@article{lq-scalar-hadron-colliders,
  title = {Scalar-leptoquark production at hadron colliders},
  author = {Hewett, J. L. and Pakvasa, S.},
  journal = {Phys. Rev. D},
  volume = {37},
  issue = {11},
  pages = {3165--3171},
  year = {1988},
  month = {Jun},
  doi = {10.1103/PhysRevD.37.3165},
  publisher = {American Physical Society}
}

%---------------------------------------------------------------------------
% Small Yukawa papers
%---------------------------------------------------------------------------

@article{small-yukawa-1,
title = "Constraints on SU(5)-type leptoquarks ",
journal = "Phys. Lett. B ",
volume = "177",
number = "3â€“4",
pages = "377 - 382",
year = "1986",
note = "",
issn = "0370-2693",
doi = "10.1016/0370-2693(86)90771-9",
author = "W. Buchm{\"u}ller and D. Wyler"
}

@article{small-yukawa-2,
  title = {Bounds on vector leptoquarks},
  author = {Leurer, M.},
  journal = {Phys. Rev. D},
  volume = {50},
  issue = {1},
  pages = {536--541},
  year = {1994},
  month = {Jul},
  doi = {10.1103/PhysRevD.50.536},
  publisher = {American Physical Society}
}


@article{small-yukawa-3,
  title = {Comprehensive study of leptoquark bounds},
  author = {Leurer, M.},
  journal = {Phys. Rev. D},
  volume = {49},
  issue = {1},
  pages = {333--342},
  year = {1994},
  month = {Jan},
  doi = {10.1103/PhysRevD.49.333},
  publisher = {American Physical Society}
}

@article{small-yukawa-4,
  title = {New bounds on leptoquarks},
  author = {Leurer, M.},
  journal = {Phys. Rev. Lett.},
  volume = {71},
  issue = {9},
  pages = {1324--1327},
  year = {1993},
  month = {Aug},
  doi = {10.1103/PhysRevLett.71.1324},
  publisher = {American Physical Society}
}

%---------------------------------------------------------------------------
% Single-LQ theory papers (Phys Rev papers only)
%---------------------------------------------------------------------------

@article{single-lq-1,
title = "Single leptoquark production at TeV e+eâˆ’ colliders ",
journal = "Phys. Lett. B ",
volume = "227",
number = "1",
pages = "178 - 181",
year = "1989",
note = "",
issn = "0370-2693",
doi = "10.1016/0370-2693(89)91303-8",
author = "J. L. Hewett and S. Pakvasa"
}
@article{single-lq-2,
  title = {Single leptoquark production at ${e}^{+}{e}^{-}$ and $$\gamma${}$\gamma${}$ colliders},
  author = {B\'elanger, G. and London, D. and Nadeau, H.},
  journal = {Phys. Rev. D},
  volume = {49},
  issue = {7},
  pages = {3140--3147},
  year = {1994},
  month = {Apr},
  doi = {10.1103/PhysRevD.49.3140},
  publisher = {American Physical Society}
}

@article{single-lq-3,
title = "Single leptoquark production associated with hard photon emission in ep collisions at high energies ",
journal = "Phys. Lett. B ",
volume = "351",
number = "4",
pages = "504 - 509",
year = "1995",
note = "",
issn = "0370-2693",
doi = "10.1016/0370-2693(95)00444-P",
author = "V. Ilyin and A. Pukhov and V. Savrin and A. Semenov and W. von Schlippe"
}

%---------------------------------------------------------------------------
% PP LQ papers
%---------------------------------------------------------------------------

% Latest D0
@article{pair-lq-D0,
  title = {Search for first generation leptoquark pair production in the electron + missing energy + jets final state},
  collaboration = {D0},
  journal = {Phys. Rev. D},
  volume = {84},
  issue = {7},
  pages = {071104},
  numpages = {7},
  year = {2011},
  month = {Oct},
  doi = {10.1103/PhysRevD.84.071104},
  publisher = {American Physical Society}
}

% Latest CMS
@article{pair-lq-CMS,
  title = {Search for pair production of first- and second-generation scalar leptoquarks in $pp$ collisions at $\sqrt{s}\mathbf{=}7\text{\,}\text{\,}\mathrm{TeV}$},
  collaboration = {CMS},
  journal = {Phys. Rev. D},
  volume = {86},
  issue = {5},
  pages = {052013},
  numpages = {23},
  year = {2012},
  month = {Sep},
  doi = {10.1103/PhysRevD.86.052013},
  publisher = {American Physical Society}
}

% Latest ATLAS LQ1
@article{pair-lq1-ATLAS,
title = "Search for first generation scalar leptoquarks in pp collisions at with the ATLAS detector ",
journal = "Phys. Lett. B ",
volume = "709",
number = "3",
pages = "158 - 176",
year = "2012",
note = "",
issn = "0370-2693",
doi = "10.1016/j.physletb.2012.02.004",
collaboration = "ATLAS"
}

@article{pair-lq2-ATLAS,
year={2012},
issn={1434-6044},
journal={Eur. Phys. J. C},
volume={72},
number={9},
doi={10.1140/epjc/s10052-012-2151-6},
title={Search for second generation scalar leptoquarks in pp collisions at \sqrt{s}=7~\mbox{TeV} with the ATLAS detector},
publisher={Springer-Verlag},
collaboration = {ATLAS},
pages={1-21},
language={English}
}

%---------------------------------------------------------------------------
% Kramer's paper (NLO cross sections)
%---------------------------------------------------------------------------

@article{kramer,
  title = {Pair production of scalar leptoquarks at the CERN LHC},
  author = {Kr\"amer, M. and Plehn, T. and Spira, M. and Zerwas, P. M.},
  journal = {Phys. Rev. D},
  volume = {71},
  issue = {5},
  pages = {057503},
  numpages = {4},
  year = {2005},
  month = {Mar},
  doi = {10.1103/PhysRevD.71.057503},
  publisher = {American Physical Society}
}

%---------------------------------------------------------------------------
% Sasha Belyaev's paper: LQ production
%---------------------------------------------------------------------------

@article{belyaev,
  author={A. Belyaev and C. Leroy and R. Mehdiyev and A. Pukhov},
  title={Leptoquark single and pair production at LHC with CalcHEP/CompHEP in the complete model},
  journal={JHEP},
  volume={2005},
  number={09},
  pages={005},
  year={2005},
  doi={10.1088/1126-6708/2005/09/005}
}

%---------------------------------------------------------------------------
% Beta as a free parameter
%---------------------------------------------------------------------------

@article{beta-1,
title = "Implications of a charged-current anomaly at \{HERA\} ",
journal = "Phys. Lett. B ",
volume = "408",
number = "1â€“4",
pages = "261 - 267",
year = "1997",
note = "",
issn = "0370-2693",
doi = "10.1016/S0370-2693(97)00766-1",
author = "K.S. Babu and C. Kolda and J. March-Russell"
}

@article{beta-2,
title = "What if charged current events at large \{Q2\} are observed at HERA? ",
journal = "Nucl. Phys. B ",
volume = "506",
number = "1â€“2",
pages = "29 - 47",
year = "1997",
note = "",
issn = "0550-3213",
doi = "10.1016/S0550-3213(97)00534-8",
author = "G. Altarelli and G. F. Giudice and M. L. Mangano",
keywords = "\{HERA\}",
keywords = "Charged currents",
keywords = "Leptoquarks",
keywords = "Supersymmetry",
keywords = "<span style='font-style: italic'>R</span>-parity "
}

@article{beta-3,
  title = {Don't stop thinking about leptoquarks: Constructing new models},
  author = {Hewett, J. L. and Rizzo, T. G.},
  journal = {Phys. Rev. D},
  volume = {58},
  issue = {5},
  pages = {055005},
  numpages = {16},
  year = {1998},
  month = {Jul},
  doi = {10.1103/PhysRevD.58.055005},
  publisher = {American Physical Society}
}

%---------------------------------------------------------------------------
% ATLAS JINST
%---------------------------------------------------------------------------

@article{atlas-jinst,
  collaboration={ATLAS},
  title={The ATLAS Experiment at the CERN Large Hadron Collider},
  journal={JINST},
  volume={3},
  number={08},
  pages={S08003},
  year={2008},
  doi={10.1088/1748-0221/3/08/S08003}
}

%---------------------------------------------------------------------------
% LHCb JINST
%---------------------------------------------------------------------------

@article{lhcb-jinst,
  collaboration={LHCb},
  title={The LHCb Detector at the LHC},
  journal={JINST},
  volume={3},
  number={08},
  pages={S08005},
  year={2008},
  doi={10.1088/1748-0221/3/08/S08005}
}

%---------------------------------------------------------------------------
% ALICE JINST
%---------------------------------------------------------------------------

@article{alice-jinst,
  collaboration={ALICE},
  title={The ALICE experiment at the CERN LHC},
  journal={JINST},
  volume={3},
  number={08},
  pages={S08002},
  year={2008},
  doi={10.1088/1748-0221/3/08/S08002}
}

%---------------------------------------------------------------------------
% CMS JINST and TDR
%---------------------------------------------------------------------------

@article{cms-jinst,
  collaboration={CMS},
  title={The CMS experiment at the CERN LHC},
  journal={JINST},
  volume={3},
  number={08},
  pages={S08004},
  year={2008},
  doi={10.1088/1748-0221/3/08/S08004}
}

@book{cms-tdr,
      collaboration = "CMS",
      title         = "{CMS Physics: Technical Design Report Volume 1: Detector Performance and Software}",
      publisher     = "CERN",
      collaboration = "CMS Collaboration",
      year          = "2006",
 }


	
%---------------------------------------------------------------------------
% ECAL papers
%---------------------------------------------------------------------------
  	
@article{ecal-calibration,
  author={},
  title={Energy calibration and resolution of the CMS electromagnetic calorimeter in pp collisions at âˆš s = 7 TeV},
  journal={JINST},
  volume={8},
  number={09},
  pages={P09009},
  year={2013},
  doi={10.1088/1748-0221/8/09/P09009}
}
	
@article{ecal-resolution,
  author={P. Adzic},
  title={Energy resolution of the barrel of the CMS Electromagnetic Calorimeter},
  journal={JINST},
  volume={2},
  number={04},
  pages={P04004},
  year={2007},
  doi={10.1088/1748-0221/2/04/P04004}
}
	
@article{ecal-tdr,
  author={},
  title={CMS ECAL Technical Design Report},
  journal={CERN/LHCC},
  volume={},
  number={97-33},
  pages={},
  url={http://cmsdoc.cern.ch/ftp/TDR/ECAL/ecal.html},
  year={1997},
}

%---------------------------------------------------------------------------
% HCAL papers
%---------------------------------------------------------------------------

@article{hcal-resolution,
collaboration = {CMS},
journal={Eur. Phys. J. C},
year={2008},
issn={1434-6044},
volume={55},
number={1},
doi={10.1140/epjc/s10052-008-0573-y},
title={Design, performance, and calibration of CMS hadron-barrel calorimeter wedges},
publisher={Springer-Verlag},
pages={159-171},
language={English}
}

@article{hf-resolution,
collaboration = {CMS},
year={2008},
issn={1434-6044},
journal={Eur. Phys. J. C},
volume={53},
number={1},
doi={10.1140/epjc/s10052-007-0459-4},
title={Design, performance, and calibration of CMS forward calorimeter wedges},
publisher={Springer-Verlag},
pages={139-166},
language={English}
}

@article{hcal-old,
      title = "CMS Central Hadron Calorimeter ",
      journal = "Nucl. Phys. B",
      volume = "54",
      number = "3",
      pages = "191 - 197",
      year = "1997",
      note = "",
      issn = "0920-5632",
      doi = "10.1016/S0920-5632(97)00104-7",
      author = "Howard S. Budd"
}

@article{hcal-geometry,
      collaboration = "CMS",
      title         = "{Simulation Geometry for the CMS HCAL}",
      note          = "\href{http://cds.cern.ch/record/896897}{CMS-NOTE-2005-016}",
      year          = "2005",
}


%---------------------------------------------------------------------------
% CMS lumi twiki
%---------------------------------------------------------------------------

@article{cms-lumi,
  collaboration = {CMS},
  title = {Public CMS Luminosity Information},
  url = {https://twiki.cern.ch/twiki/bin/view/CMSPublic/LumiPublicResults},
  month = {Oct.},
  year = {2013}
}

@article{cms-lumi-uncertainty,
      collaboration = "CMS",
      title         = "{Absolute Calibration of the Luminosity Measurement at CMS: Winter 2012 Update}",
      note          = "\href{http://cds.cern.ch/record/1434360}{CMS-PAS-SMP-12-008}",
      year          = "2012",
}


%---------------------------------------------------------------------------
% LHC papers
%---------------------------------------------------------------------------

@article{lhc-map,
      author        = "S. Dailler",
      title         = "{Map of the Geneva region and of the LHC}",
      note          = "\href{http://cds.cern.ch/record/842399}{LHC-PHO-1997-169}",
      year          = "1997",
}


@article{lhc-complex,
      author        = "J.-L. Caron",
      title         = "{CERN Accelerator Complex (operating and approved projects)}",
      year          = "1991",
      note          = "\href{http://cds.cern.ch/record/841493}{LHC-PHO-1991-001}"
}

@article{lhc-jinst,
  author={L. Evans and P. Bryant},
  title={LHC Machine},
  journal={JINST},
  volume={3},
  number={08},
  pages={S08001},
  year={2008},
  doi={10.1088/1748-0221/3/08/S08001}
}

%---------------------------------------------------------------------------
% Software papers
%---------------------------------------------------------------------------

@article{root-1,
title = "\{ROOT\} â€” An object oriented data analysis framework ",
journal   = "Nucl. Instrum. Meth. A",
volume = "389",
number = "1â€“2",
pages = "81 - 86",
year = "1997",
issn = "0168-9002",
doi = "http://dx.doi.org/10.1016/S0168-9002(97)00048-X",
author = "R. Brun and F. Rademakers"
}

@article{root-2,
title = "\{ROOT\} â€” A C++ framework for petabyte data storage, statistical analysis and visualization ",
journal = "Comp. Phys. Comm.",
volume = "180",
number = "12",
pages = "2499 - 2512",
year = "2009",
issn = "0010-4655",
doi = "http://dx.doi.org/10.1016/j.cpc.2009.08.005",
author = "I. Antcheva and others",
}

@article{root-3,
title = "\{ROOT\} â€” A C++ framework for petabyte data storage, statistical analysis and visualization ",
journal = "Comp. Phys. Comm.",
volume = "182",
number = "6",
pages = "1384 - 1385",
year = "2011",
note = "",
issn = "0010-4655",
doi = "http://dx.doi.org/10.1016/j.cpc.2011.02.008",
author = "I. Antcheva and others"
}


%---------------------------------------------------------------------------
% Track reconstruction papers
%---------------------------------------------------------------------------

% Beamspot fitter
@article{beamspot-fitter,
      collaboration = "CMS",
      title         = "{Beam Position Determination using Tracks}",
      note          = "\href{http://cds.cern.ch/record/1061285}{CMS-NOTE-2007-021}",
      year          = "2007"
}

% track reconstruction 2010

@article{track-reco-2010,
collaboration={CMS},
year={2010},
issn={1434-6044},
journal={Eur. Phys. J. C},
volume={70},
number={4},
doi={10.1140/epjc/s10052-010-1491-3},
title={CMS tracking performance results from early LHC operation},
publisher={Springer-Verlag},
pages={1165-1192},
language={English}
}

% Combinatorial Track Fitter papers (CTF)

@article{ctf-1,
      collaboration = "CMS",
      title         = "{Track Reconstruction in the CMS tracker}",
      note          = "\href{http://cds.cern.ch/record/934067}{CMS-NOTE-2006-041}",
      year          = "2006"
}

@article{ctf-2,
      collaboration = "CMS",
      title         = "{Tracking and Vertexing Results from First Collisions}",
      note          = "\href{http://cds.cern.ch/record/1258204}{CMS-PAS-TRK-10-001}",
      year          = "2010",
}

%---------------------------------------------------------------------------
% Vertex reconstruction papers
%---------------------------------------------------------------------------

@article{vtx-1,
      collaboration = "CMS",
      title         = "{Vertex Fitting in the CMS Tracker}",
      note          = "\href{http://cds.cern.ch/record/927395}{CMS-NOTE-2006-032}",
      year          = "2006",
}

@article{vtx-2,
      collaboration = "CMS",
      title         = "{Tracking and Primary Vertex Results in First 7 TeV Collisions}",
      note          = "\href{http://cds.cern.ch/record/1279383}{CMS-PAS-TRK-10-005}",
      year          = "2010"
}

@article{vtx-3,
      collaboration = "CMS",
      title         = "{Adaptive Vertex Fitting}",
      note          = "\href{http://cds.cern.ch/record/1027031}{CMS-NOTE-2007-008}",
      year          = "2007",
}

@article{vtx-pictures,
      collaboration = "CMS",
      title         = "{78 reconstructed vertices in event from high-pileup run 198609}",
      note          = "\href{http://cds.cern.ch/record/1479324}{CMS-PHO-EVENTS-2012-006}",
      year          = "2012"
}

%---------------------------------------------------------------------------
% Electron reconstruction papers
%---------------------------------------------------------------------------

@article{gsf,
      collaboration = "CMS",
      title         = "{Reconstruction of Electron Tracks With the Gaussian-Sum Filter}",
      note          = "\href{http://cds.cern.ch/record/687491}{CMS-RN-2003-001}",
      year          = "2003",
}

@article{electron-1,
year={2007},
issn={1434-6044},
journal={Eur. Phys. J. C},
volume={49},
number={4},
doi={10.1140/epjc/s10052-006-0175-5},
title={Electron reconstruction in CMS},
publisher={Springer-Verlag},
author={Baffioni, S. and Charlot, C. and Ferri, F. and Futyan, D. and Meridiani, P. and Puljak, I. and Rovelli, C. and Salerno, R. and Sirois, Y.},
pages={1099-1116},
language={English}
}

@article{electron-2,
      collaboration = "CMS",
      title         = "{Electromagnetic physics objects commissioning with first LHC data}",
      note          = "\href{http://cds.cern.ch/record/1247384}{CMS-PAS-EGM-10-001}",
      year          = "2010",
}


@article{electron-3,
      collaboration = "CMS",
      title         = "{Electron reconstruction and identification at sqrt(s) = 7 TeV}",
      note          = "\href{http://cds.cern.ch/record/1299116}{CMS-PAS-EGM-10-004}",
      year          = "2010"
}

%---------------------------------------------------------------------------
% Muon papers
%---------------------------------------------------------------------------

@article{muon-1,
      collaboration = "CMS",
      title         = "{Performance of muon identification in pp collisions at $\sqrt{s} = 7$ TeV}",
      note          = "\href{http://cds.cern.ch/record/1279140}{CMS-PAS-MUO-10-002}",
      year          = "2010",
}

%---------------------------------------------------------------------------
% Particle flow papers
%---------------------------------------------------------------------------

@article{pf-1,
      collaboration = "CMS",
      title         = "{Commissioning of the Particle-flow Event Reconstruction with the first LHC collisions recorded in the CMS detector}",
      note          = "\href{http://cds.cern.ch/record/1247373}{CMS-PAS-PFT-10-001}",
      year          = "2010",
}

%---------------------------------------------------------------------------
% Jet papers
%---------------------------------------------------------------------------

% Towards jetography

@article{jetography,
      author         = "Salam, G. P.",
      title          = "{Towards Jetography}",
      journal        = "Eur. Phys. J. C",
      volume         = "67",
      pages          = "637-686",
      doi            = "10.1140/epjc/s10052-010-1314-6",
      year           = "2010",
}

% Anti-kT algorithm

@article{anti-kt,
  author={M. Cacciari and G. P. Salam and G. Soyez},
  title={The anti-$k_{\text{T}}$ jet clustering algorithm},
  journal={JHEP},
  volume={2008},
  number={04},
  pages={063},
  year={2008},
  doi={10.1088/1126-6708/2008/04/063}
}
	
% Jets in CMS

@article{cms-jets,
      collaboration = "CMS",
      title         = "{Jet Performance in pp Collisions at 7 TeV}",
      note          = "\href{http://cds.cern.ch/record/1279362}{CMS-PAS-JME-10-003}",
      year          = "2010"
}

%---------------------------------------------------------------------------
% MET papers
%---------------------------------------------------------------------------

@article{cms-met,
  collaboration={CMS},
  title={Missing transverse energy performance of the CMS detector},
  journal={JINST},
  volume={6},
  number={09},
  pages={P09001},
  year={2011},
  doi={10.1088/1748-0221/6/09/P09001}
}
	

%---------------------------------------------------------------------------
% Trigger papers
%---------------------------------------------------------------------------

% HLT 

@article{hlt,
collaboration = {CMS},
year={2006},
issn={1434-6044},
journal={Eur. Phys. J. C},
volume={46},
number={3},
doi={10.1140/epjc/s2006-02495-8},
title={The CMS high level trigger},
publisher={Springer-Verlag},
pages={605-667},
language={English}
}

%---------------------------------------------------------------------------
% Analysis papers
%---------------------------------------------------------------------------

% Z', 2011, 5 fb-1
@article{zprime-2011,
collaboration = "CMS",
title = "Search for narrow resonances in dilepton mass spectra in pp collisions at CMS",
journal = "Phys. Lett. B ",
volume = "714",
number = "2â€“5",
pages = "158 - 179",
year = "2012",
note = "",
issn = "0370-2693",
doi = "10.1016/j.physletb.2012.06.051",
}

% RA1 SUSY (Ted's analysis), 2011, 1.1 fb-1
@article{RA1susy-2011,
  title = {Search for Supersymmetry at the LHC in Events with Jets and Missing Transverse Energy},
  collaboration = {CMS},
  journal = {Phys. Rev. Lett.},
  volume = {107},
  issue = {22},
  pages = {221804},
  numpages = {16},
  year = {2011},
  month = {Nov},
  doi = {10.1103/PhysRevLett.107.221804},
  publisher = {American Physical Society}
}

% Dinko's LQLQ -> enujj analysis (2010 dataset)

@article{lq1-dinko,
collaboration = "CMS",
title = "Search for first generation scalar leptoquarks in the channel in pp collisions at ",
journal = "Phys. Lett. B ",
volume = "703",
number = "3",
pages = "246 - 266",
year = "2011",
note = "",
issn = "0370-2693",
doi = "10.1016/j.physletb.2011.07.089",
}

@article{lq1-paolo,
  title = {Search for Pair Production of First-Generation Scalar Leptoquarks in $pp$ Collisions at $\sqrt{s}=7\text{\,}\text{\,}\mathrm{TeV}$},
  collaboration = {CMS},
  journal = {Phys. Rev. Lett.},
  volume = {106},
  issue = {20},
  pages = {201802},
  numpages = {15},
  year = {2011},
  month = {May},
  doi = {10.1103/PhysRevLett.106.201802},
  publisher = {American Physical Society}
}


%---------------------------------------------------------------------------
% MC papers
%---------------------------------------------------------------------------

% CTEQ6

@article{cteq,
  title = {Implications of CTEQ global analysis for collider observables},
  author = {Nadolsky, P. M. and Lai, H.-L. and Cao, Q.-H. and Huston, J. and Pumplin, J. and Stump, D. and Tung, W.-K. and Yuan, C.-P.},
  journal = {Phys. Rev. D},
  volume = {78},
  issue = {1},
  pages = {013004},
  numpages = {21},
  year = {2008},
  month = {Jul},
  doi = {10.1103/PhysRevD.78.013004},
  publisher = {American Physical Society}
}

% Geant4

@article{geant,
title = "Geant4â€”a simulation toolkit ",
journal   = "Nucl. Instrum. Meth. A",
volume = "506",
number = "3",
pages = "250 - 303",
year = "2003",
note = "",
issn = "0168-9002",
doi = "10.1016/S0168-9002(03)01368-8",
author = "S. Agostinelli and others",
}


% Sherpa

@ARTICLE{sherpa,
  author = "T.~ Gleisberg and S.~ Hoeche and F.~ Krauss and M.~ Schoenherr and S.~ Schumann and F.~ Siegert and J.~ Winter",
  title = "Event generation with SHERPA 1.1",
  journal = "JHEP",
  volume = "0902",
  pages = "007",
  doi = "10.1088/1126-6708/2009/02/007",
  year = "2009"
}

% MadGraph

@Article{madgraph-1,
     author    = {F. Maltoni and T. Stelzer},
     title     = "{MadEvent}: Automatic event generation with {MadGraph}",
     journal   = "JHEP",
     volume    = "02",
     year      = "2003",
     pages     = "027",
     doi       = "10.1088/1126-6708/2003/02/027",
 }

@Article{madgraph-2,
     author    = "Alwall, J. and others",
     title     = "{MadGraph/MadEvent} v4: The New Web Generation",
     journal   = "JHEP",
     volume    = "09",
     year      = "2007",
     pages     = "028",
     doi       = "10.1088/1126-6708/2007/09/028",
}

% POWHEG

@article{powheg-st,
      author         = "Alioli, S. and Nason, P. and Oleari, C. and Re, E.",
      title          = "{NLO single-top production matched with shower in POWHEG:
                        s- and t-channel contributions}",
      journal        = "JHEP",
      volume         = "0909",
      pages          = "111",
      doi            = "10.1007/JHEP02(2010)011, 10.1088/1126-6708/2009/09/111",
      year           = "2009",
      SLACcitation   = "%%CITATION = ARXIV:0907.4076;%%",
}

@article{powheg-w,
      author         = "Re, Emanuele",
      title          = "{Single-top Wt-channel production matched with parton
                        showers using the POWHEG method}",
      journal        = "Eur. Phys. J. C",
      volume         = "71",
      pages          = "1547",
      doi            = "10.1140/epjc/s10052-011-1547-z",
      year           = "2011",
      eprint         = "1009.2450",
      archivePrefix  = "arXiv",
      primaryClass   = "hep-ph",
      reportNumber   = "IPPP-10-74, DCPT-10-148",
      SLACcitation   = "%%CITATION = ARXIV:1009.2450;%%",
}

@article{powheg-1,
      author         = "Nason, P.",
      title          = "{A New method for combining NLO QCD with shower Monte
                        Carlo algorithms}",
      journal        = "JHEP",
      volume         = "0411",
      pages          = "040",
      doi            = "10.1088/1126-6708/2004/11/040",
      year           = "2004",
      eprint         = "hep-ph/0409146",
      archivePrefix  = "arXiv",
      primaryClass   = "hep-ph",
      reportNumber   = "BICOCCA-FT-04-11",
      SLACcitation   = "%%CITATION = HEP-PH/0409146;%%",
}

@article{powheg-2,
      author         = "Frixione, S. and Nason, P. and Oleari, C.",
      title          = "{Matching NLO QCD computations with Parton Shower
                        simulations: the POWHEG method}",
      journal        = "JHEP",
      volume         = "0711",
      pages          = "070",
      doi            = "10.1088/1126-6708/2007/11/070",
      year           = "2007",
      reportNumber   = "BICOCCA-FT-07-9, GEF-TH-21-2007",
      SLACcitation   = "%%CITATION = ARXIV:0709.2092;%%",
}

@article{powheg-3,
      author         = "Alioli, S. and Nason, P. and Oleari, C. and Re, Emanuele",
      title          = "{A general framework for implementing NLO calculations in
                        shower Monte Carlo programs: the POWHEG BOX}",
      journal        = "JHEP",
      volume         = "1006",
      pages          = "043",
      doi            = "10.1007/JHEP06(2010)043",
      year           = "2010",
      eprint         = "1002.2581",
      archivePrefix  = "arXiv",
      primaryClass   = "hep-ph",
      reportNumber   = "DESY-10-018, SFB-CPP-10-22, IPPP-10-11, DCPT-10-22",
      SLACcitation   = "%%CITATION = ARXIV:1002.2581;%%",
}


% Pythia

@Article{pythia,
     author    = {Sj{\"o}strand, T. and Mrenna, S. and Skands, P.},
     title     = "{\sc pythia} 6.4 Physics and Manual; v6.420, tune {D6T}",
     journal   = "JHEP",
     volume    = "05",
     year      = "2006",
     pages     = "026",
     doi       = "10.1088/1126-6708/2006/05/026",
}

%---------------------------------------------------------------------------
% MC xsection papers
%---------------------------------------------------------------------------

@Article{fewz,
     author    = "Kidonakis, N.",
     title     = "Higher-order corrections to top-antitop pair and single
                  top quark production",
     year      = "2009",
     eprint    = "0909.0037",
     journal   = "Proceedings of the DPF-2009 Conference",
     archivePrefix = "arXiv",
     primaryClass  =  "hep-ph",
     SLACcitation  = ""
}
@Article{ttbar-xsection,
     author    = "Melnikov, K. and Petriello, F.",
     title     = "{Electroweak gauge boson production at hadron colliders
                  through O($\alpha_{s}^2$)}",
     journal   = "Phys. Rev. D",
     volume    = "74",
     year      = "2006",
     pages     = "114017",
     doi       = "10.1103/PhysRevD.74.114017",
}

@Article{mcfm,
     author    = "Campbell, J. M. and Ellis, R. K.",
     title     = "{Radiative corrections to Z b anti-b production}",
     journal   = "Phys. Rev. D",
     volume    = "62",
     year      = "2000",
     pages     = "114012",
     doi       = "10.1103/PhysRevD.62.114012",
}
@Article{singletop-xsection,
     author    = "Kidonakis, N.",
     title     = "Next-to-next-to-leading logarithm resummation for s-channel single top quark
                  production",
     journal   = "Phys. Rev. D",
     volume    = "81",
     year      = "2010",
     pages     = "054028",
     doi       = "10.1103/PhysRevD.81.054028",
}

%---------------------------------------------------------------------------
% CLs papers
%---------------------------------------------------------------------------

@article{cls-1,
title = "Confidence level computation for combining searches with small statistics ",
journal   = "Nucl. Instrum. Meth. A",
volume = "434",
number = "2â€“3",
pages = "435 - 443",
year = "1999",
note = "",
issn = "0168-9002",
doi = "http://dx.doi.org/10.1016/S0168-9002(99)00498-2",
author = "T. Junk",
}


  	
@article{cls-2,
  author={A. L. Read},
  title={Presentation of search results: the CL s technique},
  journal={J. Phys. G},
  volume={28},
  number={10},
  pages={2693},
  doi={10.1088/0954-3899/28/10/313},
  year={2002},
}
	


%---------------------------------------------------------------------------
% Systematics papers
%---------------------------------------------------------------------------

% JES: 

@article{JES,
      collaboration = "CMS",
      title         = "{Jet Energy Corrections determination at 7 TeV}",
      note          = "\href{http://cds.cern.ch/record/1308178}{CMS-PAS-JME-10-010}",
      year          = "2010",
}

% EES:

@article{EES,
      collaboration = "CMS",
      title         = "{Electromagnetic calorimeter calibration with 7 TeV data}",
      note          = "\href{http://cds.cern.ch/record/1279350}{CMS-PAS-EGM-10-003}",
      year          = "2010",
}

%---------------------------------------------------------------------------
% PDG
%---------------------------------------------------------------------------

@article{pdg,
  title = {Review of Particle Physics},
  collaboration = {Particle Data Group},
  journal = {Phys. Rev. D},
  volume = {86},
  issue = {1},
  pages = {010001},
  numpages = {1528},
  year = {2012},
  month = {Jul},
  doi = {10.1103/PhysRevD.86.010001},
  publisher = {American Physical Society}
}


%---------------------------------------------------------------------------
% LEP limits
%---------------------------------------------------------------------------

@article{lep-1,
title = "Searches for new particles in Z decays using the \{ALEPH\} detector ",
journal = "Physics Reports ",
volume = "216",
number = "5â€“6",
pages = "253 - 340",
year = "1992",
note = "",
issn = "0370-1573",
doi = "10.1016/0370-1573(92)90177-2",
key = "tagkey1992253"
}

@article{lep-2,
title = "Results from the \{L3\} experiments at \{LEP\} ",
journal = "Physics Reports ",
volume = "236",
number = "1â€“2",
pages = "1 - 146",
year = "1993",
note = "",
issn = "0370-1573",
doi = "10.1016/0370-1573(93)90027-B",
key = "tagkey19931"
}

@article{lep-3,
title = "Limits on the production of scalar leptoquarks from \{Z0\} decays at \{LEP\} ",
journal = "Phys. Lett. B ",
volume = "316",
number = "4",
pages = "620 - 630",
year = "1993",
note = "",
issn = "0370-2693",
doi = "10.1016/0370-2693(93)91053-P",
}

@article{lep-4,
title = "Search for Leptoquarks and \{FCNC\} in e+eâˆ’ annihilations at s=183 GeV ",
journal = "Phys. Lett. B ",
volume = "446",
number = "1",
pages = "62 - 74",
year = "1999",
note = "",
issn = "0370-2693",
doi = "10.1016/S0370-2693(98)01525-1",
}

@article{lep-5,
title = "Search for leptoquarks in electronâ€“photon scattering at see up to 209Â GeV at \{LEP\} ",
journal = "Phys. Lett. B ",
volume = "526",
number = "3â€“4",
pages = "233 - 246",
year = "2002",
note = "",
issn = "0370-2693",
doi = "10.1016/S0370-2693(01)01485-X",
}

@article{lep-6,
year={2003},
issn={1434-6044},
journal={Eur. Phys. J. C},
volume={31},
number={3},
doi={10.1140/epjc/s2003-01325-y},
title={Search for pair-produced leptoquarks in e + e- interactions at \sqrt{s} \simeq 189\text{--}209 GeV},
publisher={Springer-Verlag},
pages={281-305},
language={English}
}


%---------------------------------------------------------------------------
% HERA limits
%---------------------------------------------------------------------------

@article{zeus,
  title = {Search for first-generation leptoquarks at HERA},
  collaboration = {ZEUS},
  journal = {Phys. Rev. D},
  volume = {86},
  issue = {1},
  pages = {012005},
  numpages = {14},
  year = {2012},
  month = {Jul},
  doi = {10.1103/PhysRevD.86.012005},
  publisher = {American Physical Society}
}

@article{h1,
title = "Search for first generation leptoquarks in ep collisions at \{HERA\} ",
collaboration = "H1",
journal = "Phys. Lett. B ",
volume = "704",
number = "5",
pages = "388 - 396",
year = "2011",
note = "",
issn = "0370-2693",
doi = "10.1016/j.physletb.2011.09.017",
}


%---------------------------------------------------------------------------
% D0 limits
%---------------------------------------------------------------------------

